@ARTICLE{chang,
       author = {{Chang}, C. and the Dark Energy Survey Collaboration},
        title = "{Dark Energy Survey Year 1 results: curved-sky weak lensing mass map}",
      journal = {MNRAS},
     keywords = {gravitational lensing: weak, surveys, dark matter, Astrophysics - Cosmology and Nongalactic Astrophysics},
         year = 2018,
        month = apr,
       volume = {475},
       number = {3},
        pages = {3165-3190},
          doi = {10.1093/mnras/stx3363},
archivePrefix = {arXiv},
       eprint = {1708.01535},
 primaryClass = {astro-ph.CO},
       adsurl = {https://ui.adsabs.harvard.edu/abs/2018MNRAS.475.3165C},
      adsnote = {Provided by the SAO/NASA Astrophysics Data System}
}


